@misc{web_app_complexity,
  title = {web app complexity}
}
@misc{testing_possibility,
  title = {testing possibility}
}
@misc{worddive_details,
	title = {YTJ - Yritys- ja yhteisötietojärjestelmä - Yrityshaku, WordDive Oy},
	howpublished = {Yritys- ja yhteisötietojärjestelmä, verkkosivu},
	url = {https://tietopalvelu.ytj.fi/yritystiedot.aspx?yavain=2192227&tarkiste=199AA7AD6729CF56F298A9092E246CF4CA8288EC},
	urldate = {2019-01-06},
	language = {finnish},
}
@misc{design_science_history,
  title = {design science history}
}
@misc{test_automation_purpose,
  title = {test automation purpose}
}
@techreport{iso_quality_attributes,
  type = {Standard},
  key = {ISO/IEC 9126-1:2001},
  month = jun,
  year = {2001},
  title = {Software engineering - Product quality - Part 1: Quality model},
  shorttitle = {{ISO}/{IEC} 9126-1:2001},
  institution = {International Organization for Standardization},
	language = {english},
}
@misc{testing_levels_1,
  title = {testing levels 1}
}
@misc{testing_levels_2,
  title = {testing levels 2}
}
@misc{waterfall_to_agile,
  title = {waterfall to agile}
}
@misc{tdd_popularity,
  title = {tdd popularity}
}
@misc{istqb_acceptance_testing_1,
  title = {istqb acceptance testing 1}
}
@misc{istqb_acceptance_testing_2,
  title = {istqb acceptance testing 2}
}
@misc{continuous_integration_integration_process,
  title = {continuous integration integration process}
}
@misc{traditional_acceptance_testing,
  title = {traditional acceptance testing}
}
@misc{regression_testing_traditionally,
  title = {regression testing traditionally}
}
@misc{tdd_steps,
  title = {tdd steps}
}
@misc{atdd_steps,
  title = {atdd steps}
}
@misc{robot_framework_info,
  title = {robot framework info}
}
@misc{robot_framework_architecture,
  title = {robot framework architecture}
}
@misc{selenium_info_1,
  title = {selenium info 1}
}
@misc{selenium_info_2,
  title = {selenium info 2}
}
@misc{docker_vs_virtual_machine,
  title = {docker vs virtual machine}
}
@misc{gocd_info,
  title = {gocd info}
}
@misc{gocd_jenkins_terminology,
  title = {gocd jenkins terminology}
}
@misc{test_case_goals,
  title = {test case goals}
}
@misc{robot_framework_good_test_cases,
	title = {How to write good test cases using Robot Framework},
	howpublished = {GitHub verkkosivu},
	url = {https://github.com/robotframework/HowToWriteGoodTestCases/blob/master/HowToWriteGoodTestCases.rst},
	urldate = {2019-01-06},
	language = {english},
}
@misc{graph_theory_history,
  title = {graph theory history}
}
@misc{graph_theory_concepts_1,
  title = {graph theory concepts 1}
}
@misc{graph_theory_concepts_2,
  title = {graph theory concepts 2}
}
@misc{graph_theory_concepts_3,
  title = {graph theory concepts 3}
}
@misc{graph_theory_shortest_path,
  title = {graph theory shortest path}
}
@misc{graph_theory_directed_non_directed,
  title = {graph theory directed non directed}
}
@misc{dijkstra_pseudo_code,
  title = {dijkstra pseudo code}
}
